@ARTICLE{Playing,
   author = {{Mnih}, V. and {Kavukcuoglu}, K. and {Silver}, D. and {Graves}, A. and 
	{Antonoglou}, I. and {Wierstra}, D. and {Riedmiller}, M.},
    title = "{Playing Atari with Deep Reinforcement Learning}",
  journal = {ArXiv e-prints},
archivePrefix = "arXiv",
   eprint = {1312.5602},
 primaryClass = "cs.LG",
 keywords = {Computer Science - Learning},
     year = 2013,
    month = dec,
   adsurl = {http://adsabs.harvard.edu/abs/2013arXiv1312.5602M},
  adsnote = {Provided by the SAO/NASA Astrophysics Data System}
}

